2614 3471
1067 261 1418 320 -·4..

302 419 693 466 Rauehensteinius
725 416 904 473 (Philol.
935 416 990 457 T.
1007 415 1134 468 Xlll,
1165 414 1327 471 p.434)
1359 414 1576 457 θεσπεσία
1608 409 1648 455 δ’
1667 412 1841 455 ἐνέπειν
1872 411 2041 468 καύχας
2061 409 2190 453 ἀοιδά

305 482 549 536 πρόςφορος
584 473 900 516 commendavit
937 473 1068 514 simul
1101 471 1283 512 aliorum
1316 468 1543 511 conamina
1573 466 1730 508 leniter
1762 473 1809 506 ut
1841 466 1952 508 solet
1982 468 2192 523 perstrin-

305 551 427 593 gens.
489 531 589 574 Alia
620 538 761 571 tamen
793 529 862 570 via
892 543 961 570 res
993 529 1164 570 videtur
1194 524 1500 583 aggredienda.
1571 524 1681 565 Cum
1714 521 1898 578 καύχας,
1937 523 2034 565 voci
2065 521 2191 566 ἀοιδά

304 593 569 639 adiunctum,
612 587 767 628 bonam
800 585 842 625 iu
876 593 1039 641 partem
1071 591 1117 624 ut
1147 582 1320 638 κόμπος
1353 581 1501 633 (Piud.
1525 579 1735 631 lsthm.1‚
1755 578 1829 634 43)
1863 579 2051 634 positum
2085 578 2193 619 nihil

302 645 555 690 offensionis
588 643 808 700 praebeat,
851 650 893 682 et
924 642 1091 699 καύχαις
1122 639 1251 683 ἀοιδά
1284 640 1337 679 de
1367 637 1579 679 altissimo
1609 636 1749 677 laudis
1779 636 2029 692 gloriaeque
2059 635 2192 691 gradu

302 712 415 746 recte
451 702 610 743 dictum
647 700 724 747 sit,
771 698 814 738 in
849 713 954 739 voce
989 700 1127 741 ἐπέων
1159 695 1444 751 corruptelam
1477 692 1764 750 quaerendam
1802 707 1898 733 esse
1936 699 2091 748 sponte
2123 707 2193 747 ap-

302 767 442 817 paret:
476 773 558 815 qua
590 756 642 797 de
673 769 801 796 causa
832 753 1088 795 vocabulum
1117 755 1270 802 ἐπὲων,
1301 767 1324 793 e
1354 765 1482 792 versu
1512 749 1639 790 tertio
1674 756 1718 788 ut
1748 748 1917 789 videtur
1947 748 2192 804 repetitum,

303 817 355 858 ad
388 815 504 856 vocis
536 813 662 869 paulo
693 810 868 852 rarioris
902 810 1070 868 καύχας
1100 807 1432 864 explicationem
1459 806 1723 862 adscriptum
1753 820 1849 846 esse
1875 820 2032 846 censeo
2057 820 2194 861 eoque

303 872 428 914 solita
465 869 736 911 librariorum
774 866 941 908 incuria
978 867 1090 907 inter
1128 871 1277 921 poetae
1307 864 1437 905 verba
1469 863 1678 904 collocato
1710 861 1868 902 factum
1905 876 2001 902 esse
2034 869 2080 901 ut
2111 876 2194 901 vox

302 929 353 970 ab
385 928 480 985 ipso
510 933 635 982 poeta
666 923 860 980 profecta
891 939 912 964 e
944 923 1045 965 sede
1075 937 1152 962 sua
1182 920 1306 961 metri
1337 935 1466 961 causa
1497 925 1739 960 moveretur
1770 925 1896 974 atque
1929 918 2055 974 plane
2081 917 2194 958 dele·

302 993 432 1026 retur.
504 983 624 1036 Quae
654 988 793 1021 autem
827 995 909 1021 vox
940 980 1078 1021 deleta
1110 979 1188 1031 sit,
1225 992 1482 1033 quamquam
1515 975 1693 1016 omnino
1727 989 1813 1014 non
1846 974 2015 1015 videtur
2046 974 2194 1031 quaeri

302 1056 452 1098 posse,
493 1046 635 1079 tamen
667 1044 911 1092 comparato
941 1051 1069 1077 versu
1101 1035 1153 1075 ad
1184 1033 1498 1074 emendandum
1530 1039 1726 1072 nostrum
1759 1038 1804 1071 ut
1835 1030 1893 1070 ita
1925 1030 2062 1072 dicam
2095 1037 2194 1071 nato

301 1096 505 1139 carminis
529 1093 681 1136 Nemei
707 1093 879 1149 septimi
906 1092 1174 1148 sexagesimo
1199 1090 1415 1131 secundo:
1450 1092 1693 1141 ποτίφορος
1725 1085 1992 1141 δ”ᾰγαθοῑσι
2028 1086 2196 1140 μισθὸς

301 1149 454 1202 οὗτος,
492 1167 578 1192 non
611 1150 790 1192 dubium
819 1149 990 1190 videtur
1020 1148 1125 1205 quin
1159 1153 1308 1188 nostro
1341 1147 1435 1187 loco
1468 1143 1745 1186 scribendum
1778 1143 1858 1183 sit:
1902 1149 2121 1192 θεσπεσία
2154 1144 2194 1185 δ’

300 1208 491 1267 ἀγαθοῖς
536 1210 706 1266 καύχας
755 1205 881 1250 ἀοιδά
930 1207 1205 1259 πρόςᾳοροςε
1262 1202 1427 1244 accedit
1471 1200 1658 1258 denique
1705 1200 1979 1241 coniecturae
2022 1207 2195 1241 nostrae

300 1263 612 1308 commendatio
644 1279 697 1305 ex
727 1262 897 1320 antiqui
928 1261 1185 1304 scholiastae
1216 1259 1530 1316 explicatione:
1570 1268 1658 1306 τοῖς
1690 1254 2043 1313 νενικηκόσι,
2076 1258 2197 1310 φησὶ,

300 1320 546 1377 πρόςᾳορός
576 1327 665 1365 ἐστι
700 1322 771 1364 καὶ
804 1325 964 1364 ἐοικυῖα
998 1316 1023 1370 ἦ·
1056 1316 1125 1361 δαὶ
1158 1321 1238 1370 τῆς
1270 1316 1513 1374 καυχήσεως
1543 1312 1643 1371 ιῦὃή.
1705 1313 1907 1354 Ceterum
1932 1313 2012 1353 hoc
2035 1312 2196 1353 dictum

299 1379 522 1435 antiquum
566 1384 607 1418 et
651 1376 858 1434 populare
902 1391 971 1416 res
1018 1373 1234 1431 praeclare
1278 1381 1421 1429 gestas
1470 1387 1556 1412 nou
1603 1370 1776 1411 silentio
1822 1369 2074 1426 premendas
2120 1370 2193 1409 sed

302 1436 450 1476 divino
483 1434 655 1474 laudum
688 1433 938 1489 gloriaeque
969 1439 1096 1473 cantu
1122 1429 1400 1472 celebrandas
1427 1444 1522 1469 esse
1549 1434 1674 1484 poeta
1705 1427 1955 1482 proposuit,
1989 1434 2035 1466 ut
2063 1425 2195 1466 homi-

300 1507 401 1532 num
424 1491 474 1531 ad
508 1492 707 1531 virtutem
734 1489 874 1530 studia
899 1488 1175 1530 accenderet:
1210 1486 1443 1543 eademque
1471 1485 1523 1526 dc
1555 1499 1682 1525 causa
1715 1484 1795 1523 sul)
1828 1482 2032 1524 carminis
2066 1482 2194 1523 finem

299 1548 529 1589 exclamat:
561 1552 603 1590 ἐκ
632 1545 783 1590 πόνων
815 1548 875 1596 δὲ,
908 1551 948 1589 οἳ
977 1544 1057 1588 οὐν
1090 1543 1266 1588 νεότατι
1299 1547 1512 1599 γείυωται
1547 1540 1630 1585 σύν
1663 1558 1709 1582 τε
1742 1541 1852 1596 diuet,
1882 1543 2055 1582 τελέθει
2087 1537 2196 1590 πρὸς

298 1609 434 1659 γῆρας
475 1604 580 1647 αἰών
621 1603 791 1656 ἁμέρα,
838 1602 866 1642 i.
896 1618 934 1643 e.
976 1618 1028 1643 ex
1070 1599 1290 1642 laboribus
1332 1600 1407 1655 qui
1452 1599 1496 1639 in
1541 1598 1763 1638 iuventute
1805 1611 1988 1652 eumque
2031 1595 2196 1635 institia

301 1660 492 1716 suscepti
543 1660 730 1711 fuerint,
788 1659 960 1714 qnando
1003 1665 1203 1699 senectus
1245 1656 1436 1712 adi-epit,
1495 1655 1582 1696 vita
1624 1653 1795 1709 placida
1836 1653 2007 1693 existit:
2066 1652 2194 1692 vitam

299 1717 412 1757 enim
452 1718 493 1756 in
534 1724 754 1756 senectute
793 1715 1004 1771 placidam
1037 1722 1077 1755 et
1106 1729 1128 1754 a
1159 1713 1347 1753 dementi
1380 1713 1490 1753 vitae
1524 1710 1801 1767 quotidianae
1843 1709 2025 1765 strepitu
2062 1716 2193 1748 tutam

299 1774 411 1813 inter
443 1789 607 1813 summa
640 1772 827 1812 hominis
860 1773 973 1813 bona
994 1771 1209 1812 Pindarus
1244 1770 1403 1810 referre
1436 1768 1560 1809 solet.
1626 1768 1723 1820 Quo
1750 1766 1878 1806 modo
1909 1767 2011 1807 haec
2041 1765 2192 1821 optimi

298 1836 448 1885 poetae
481 1829 692 1870 sententia
724 1829 834 1879 Vos,
877 1828 1226 1878 Commilitones,
1269 1827 1473 1882 attingat,
1517 1839 1602 1864 non
1636 1838 1744 1879 opus
1779 1830 1844 1862 cst
1877 1823 2074 1879 pluribus
2107 1821 2193 1861 dis-

299 1902 459 1926 seram:
505 1886 617 1927 vitae
650 1893 834 1941 partem,
877 1901 986 1942 quae
1020 1886 1095 1924 hac
1129 1884 1172 1923 in
1208 1884 1317 1923 alma
1350 1884 1568 1923 literarum
1606 1882 1706 1920 sede
1745 1880 1921 1920 iuvenes
1955 1880 2054 1919 dum
2088 1877 2192 1918 estis

300 1957 505 1983 concessa
538 1942 676 1983 Vobis
711 1950 791 1993 est,
825 1942 881 1982 ita
910 1958 1005 1983 cum
1032 1941 1189 1981 virtute
1215 1940 1399 1995 degatis,
1432 1947 1478 1979 nt
1504 1954 1556 1978 cx
1583 1937 1825 1978 studiorum
1851 1935 2192 1976 academicorum

300 2007 490 2055 tempore
521 2014 620 2039 vera
651 1999 807 2054 gaudia
839 2014 1008 2055 semper
1039 1997 1242 2052 colligere
1274 2004 1400 2052 atque
1431 1994 1654 2052 percipere
1687 1993 1883 2049 possitis.

419 2091 470 2130 P.
501 2091 548 2131 P.
586 2090 627 2130 in
664 2090 897 2131 Academia
931 2088 1118 2145 Georgia
1152 2090 1351 2144 Augusta
1387 2104 1443 2128 m.
1474 2085 1709 2127 Februario
1745 2082 2076 2125 MDCCCLIX.

611 2386 1261 2436 RECITATIONES
1316 2381 1881 2431 ORDINARIAE.

716 2483 1069 2533 ORDINIS
1116 2478 1779 2529 THEOLOGORUM.

409 2571 452 2613 J.
488 2571 543 2613 G.
579 2570 832 2622 REICHE,
866 2569 972 2621 D1·.‚
1015 2570 1057 2609 h.
1093 2565 1274 2607 lx—X
1311 2563 1544 2621 quinquies
1577 2577 1653 2617 per
1685 2561 1812 2602 hebd.
1844 2562 1983 2601 Aetas
2017 2562 2194 2615 Aposto-

298 2629 440 2669 lorum
481 2627 855 2684 interpretabitur,
903 2626 1045 2666 habita
1085 2625 1377 2665 recentiorum
1411 2621 1461 2660 de
1500 2619 1603 2658 libri
1641 2618 1773 2675 hujus
1813 2617 2067 2669 authentia,
2097 2617 2194 2670 fide

297 2685 504 2726 historica
537 2692 577 2725 et
608 2686 866 2724 auctoritate
898 2684 1111 2723 canonica
1144 2677 1500 2735 disquisitionum
1531 2674 1721 2728 ratione3
1761 2672 2035 2715 h.Xl—X}l
2068 2674 2193 2728 qnin-

296 2741 419 2797 quies
450 2742 668 2797 Isaqoqen
694 2743 739 2781 iu
767 2740 899 2780 libros
925 2740 984 2779 N.
1009 2740 1055 2778 T.
1084 2739 1316 2779 canonicos
1343 2733 1766 2775 historico-criticam
1794 2730 1987 2783 docebit5
2021 2730 2193 2785 publice

300 2799 340 2837 h.
366 2797 549 2862 Ill—‘IV
588 2798 701 2838 dieb.
738 2796 887 2837 Lunae
919 2804 960 2836 et
990 2795 1142 2836 Man-tis
1177 2793 1310 2833 Pauli
1341 2792 1398 2831 ad
1435 2788 1705 2830 Timotheum
1739 2795 1779 2829 et
1815 2788 1958 2827 Titum
1990 2787 2193 2842 epistolas

296 2853 773 2950 e'‘Phi-*iziiijERICUS
814 2905 1377 2956 EHRENFEUCHTER‚
1422 2902 1528 2952 Diu,
1575 2900 1748 2957 publice
1790 2901 1915 2964 Reqf'i
1948 2896 2191 2939 Seminarii

297 2966 530 3008 homiletici
561 2966 889 3007 exercitationes
923 2964 1212 3005 moderabitur
1243 2963 1312 3003 die
1343 2959 1518 3003 Saturni
1553 2960 1592 2998 h.
1623 2956 1838 3008 X—xn,
1884 2962 1982 2995 item
2016 2955 2189 3010 publice
