2614 3471
477 294 1024 353 AGADEMIAE
1095 294 1578 353 GEORGIAE
1650 295 2142 355 AUGUSTAE

1055 411 1555 460 PRORECTOR

1198 690 1724 740 SENATU.

360 911 559 978 pindari
591 936 779 978 carmina
810 937 846 977 si
879 937 977 994 quis
1013 938 1189 979 assiduo
1225 946 1454 995 pertractat
1494 938 1636 980 labore
1678 939 1897 997 animique
1942 941 1985 982 in
2024 957 2072 983 ea
2108 941 2246 983 inten—

358 1002 519 1041 tionem
553 998 724 1054 dirigit,
765 1014 1023 1056 quamquam
1054 1001 1414 1055 praestantissimi
1443 999 1630 1042 Boeckhi
1663 1017 1711 1042 ae
1736 1001 1916 1044 Disseni
1946 1003 2103 1043 adsunt
2133 1019 2246 1046 com-

360 1056 556 1098 mentarii
589 1071 822 1112 eorumque
853 1072 978 1097 curae
1010 1056 1085 1112 qui
1117 1057 1195 1096 hos
1223 1056 1354 1098 duces
1380 1058 1516 1098 secuti
1543 1065 1643 1098 sunt
1667 1073 1936 1114 nequaquam
1962 1061 2246 1115 spernendae,

361 1114 478 1154 locos
510 1119 650 1153 tamen
684 1111 797 1152 haud
827 1127 987 1168 paucos
1020 1112 1227 1160 inveniet,
1262 1114 1419 1170 quibus
1452 1121 1524 1154 aut
1553 1121 1729 1171 propter
1756 1115 1954 1156 lectionis
1983 1117 2246 1173 corruptelas

361 1170 552 1210 nondum
591 1169 837 1209 emendatas
870 1177 941 1209 aut
972 1168 1235 1210 difficiliores
1270 1171 1494 1211 verborum
1535 1178 1771 1212 structuras
1809 1172 2000 1212 nondum
2040 1174 2143 1213 satis
2176 1190 2244 1214 ex-

360 1225 527 1283 peditas
562 1225 762 1281 impediri
795 1240 841 1265 se
874 1226 1102 1281 intelliget.
1170 1225 1444 1267 Documento
1477 1227 1534 1267 sit
1564 1227 1830 1283 prooemium
1862 1229 2065 1269 carminis
2096 1229 2247 1271 Nemei

362 1283 480 1323 noni.
546 1283 675 1322 Poeta
709 1281 903 1322 Cbromii
938 1282 1099 1332 Siculi,
1139 1281 1261 1322 ducis
1300 1283 1527 1324 fortissimi
1560 1291 1601 1324 et
1630 1284 1747 1324 omni
1779 1285 1941 1339 gloriae
1972 1301 2129 1341 genere
2159 1294 2246 1327 tum

361 1340 544 1379 maxime
573 1338 767 1378 florentis
801 1339 1022 1379 victoriam
1049 1339 1234 1379 Nemeae
1262 1356 1389 1380 curru
1420 1347 1677 1396 reportatam
1706 1340 1997 1381 celebraturus
2029 1343 2246 1397 praeclara

362 1396 548 1451 imagine
580 1394 727 1434 Musas
760 1394 940 1435 advocat
972 1404 1016 1435 ut
1049 1395 1167 1451 ipsae
1200 1411 1368 1437 carmen
1404 1403 1576 1437 nectant
1607 1396 1656 1436 ad
1693 1397 1908 1453 finemque
1940 1399 2201 1454 perducant:

418 1463 704 1518 Κωμάσομεν
737 1460 842 1518 παρ’
877 1463 1160 1510 ’Λπόλλωνος
1195 1465 1470 1515 Σικυωνόθε,
1519 1467 1701 1514 Μοῖσαι,

417 1520 502 1564 τάν
529 1521 788 1563 νεοκτίσταν
816 1525 859 1569 ἐς
885 1523 1078 1568 Αἴτναν,
1110 1517 1208 1562 ἔνθ’
1233 1520 1613 1576 ἀναπεπταμέναι
1637 1525 1788 1571 ξείνων
1814 1524 2068 1565 νενίκανται
2092 1523 2249 1580 θύραι,

419 1576 577 1632 ὄλβιον
608 1581 649 1622 ἐς
682 1578 889 1631 Χρομίου
921 1574 1045 1630 δῶμ’·
1088 1574 1178 1619 ἀλλ’
1213 1579 1350 1620 ἐπέων
1380 1574 1548 1631 γλυκὺν
1579 1576 1730 1631 ὕμνον
1764 1577 1998 1632 πράσσετε·

421 1633 470 1677 τὸ
504 1630 817 1687 κρατήσιππον
848 1633 934 1688 γάρ
965 1639 1006 1680 ἐς
1040 1630 1143 1687 ἅρμ’
1176 1633 1439 1687 ἀναβαίνων
1476 1636 1632 1688 ματέρι
1672 1636 1741 1677 καὶ
1782 1633 1983 1688 διδύμοις
2021 1638 2249 1680 παίδεσσιν

1215 1688 1355 1733 αὐδάν
1388 1689 1551 1745 μανύει

425 1747 647 1794 Πυθῶνος
686 1748 894 1793 αἰπεινᾶς
933 1742 1198 1800 ὁμοκλάροις
1236 1746 1466 1794 ἐπόπταις.

365 1815 432 1857 Ibi
463 1813 544 1854 viri
578 1813 693 1855 docti
725 1828 875 1853 versus
907 1813 1047 1869 quarti
1080 1813 1208 1854 verba
1241 1811 1379 1856 αὐδάν
1411 1811 1571 1865 μανύει
1603 1813 1785 1854 obscure
1816 1813 1928 1855 dicta
1953 1831 2048 1857 esse
2074 1825 2249 1858 conten-

366 1874 473 1913 dunt
505 1877 545 1910 et
576 1871 694 1911 vario
723 1870 850 1910 modo
883 1870 1060 1910 nebulas
1093 1870 1258 1910 diluere
1290 1877 1521 1910 conantur:
1565 1877 1606 1909 at
1637 1870 1762 1910 modo
1795 1886 1848 1910 ne
1878 1887 1973 1912 eum
2007 1874 2248 1929 interpreti-

365 1929 446 1969 bus
479 1927 756 1979 Cbrominm,
797 1926 872 1967 sed
903 1927 1107 1982 hymnum
1141 1934 1186 1966 ut
1217 1927 1525 1967 sententiarum
1557 1926 1662 1967 ordo
1695 1926 1882 1981 postulat
1912 1930 2123 1970 enuntiati
2154 1931 2250 1972 sub-

366 1986 522 2026 iectum
561 1999 656 2024 esse
698 1984 921 2034 statueris,
972 1983 1083 2023 nihil
1119 1984 1188 2024 bic
1229 1983 1404 2024 obscuri
1441 1984 1571 2023 latere
1610 1982 1737 2023 facile
1776 1985 2013 2026 concedes:
2064 1987 2247 2042 hymnus

363 2042 479 2082 enim
512 2040 554 2079 in
581 2039 778 2081 Cliromii
809 2055 981 2080 currum
1012 2040 1277 2080 victorialem
1308 2039 1545 2080 escendens
1578 2039 1622 2078 in
1646 2038 1837 2080 Latonae
1862 2041 2042 2098 eiusque
2063 2043 2248 2085 filiorum

365 2099 570 2138 bonorem
615 2096 763 2136 laudes
804 2096 974 2136 nuntiat
1012 2096 1181 2152 lateque
1221 2095 1496 2145 disseminat,
1548 2103 1594 2135 ut
1632 2095 1716 2136 alio
1757 2095 1853 2137 loco
1893 2098 1986 2154 ipse
2028 2099 2248 2140 Musarum

364 2168 515 2195 currus
555 2152 749 2194 Nicoclis
790 2153 949 2209 pugilis
990 2152 1189 2193 virtutem
1229 2159 1371 2193 cantat
1412 2152 1567 2208 (Pind.
1599 2151 1750 2192 Isthm.
1788 2153 1887 2205 Vll,
1918 2155 2000 2210 62)
2045 2163 2117 2196 aut
2156 2156 2249 2212 ipse

364 2218 514 2251 cantus
562 2208 733 2266 egregia
782 2209 1020 2265 Lamponis
1067 2209 1259 2249 facinora
1305 2216 1617 2265 propagaturus
1664 2223 1740 2264 per
1786 2211 1918 2251 maria
1961 2212 2251 2268 proficiscitur

367 2267 515 2320 (Pind.
543 2266 668 2307 Nem.
688 2265 807 2319 V‚2)
839 2273 910 2306 aut
943 2274 987 2306 ut
1018 2266 1098 2306 hoc
1130 2264 1281 2305 addam
1313 2265 1512 2322 occupati
1544 2266 1586 2305 in
1621 2265 1809 2306 carmine
1841 2269 2068 2324 pangendo
2100 2276 2249 2324 poetae

364 2323 585 2364 Musarum
619 2337 745 2362 curru
779 2330 851 2363 ant
882 2322 1009 2363 rheda
1046 2322 1220 2363 victoris
1254 2322 1408 2362 mulari
1434 2321 1532 2362 vehi
1560 2321 1763 2362 dicuntur
1796 2322 1943 2377 (Pind.
1965 2325 2246 2374 lsthm.11‚3.

365 2380 541 2436 Olymp.
562 2378 639 2430 Vl,
658 2379 715 2418 29.
748 2379 894 2435 ibique
925 2395 966 2419 v.
990 2378 1254 2419 Boeelzbium
1278 2385 1320 2419 et
1343 2378 1616 2433 Dissenum).
1677 2377 1774 2420 Jam
1805 2379 1857 2420 ad
1887 2381 2097 2437 prooemii
2124 2382 2250 2423 finem

364 2437 616 2477 accedamus
634 2453 644 2475 ε

423 2512 511 2545 ἔστι
545 2505 588 2546 δέ
619 2520 683 2549 τις
719 2499 845 2557 λόγος
878 2501 1151 2556 ανθρώπων,
1197 2507 1511 2558 τετελεσμένον
1547 2502 1672 2548 ἐσλὸν

422 2559 486 2613 μή
517 2562 654 2617 χαμαὶ
688 2563 786 2615 σιγᾷ
822 2559 1037 2612 κιιλύψαι”
1081 2566 1295 2604 θεσπεσία
1332 2563 1375 2605 δ’
1401 2564 1537 2605 ἐπέων
1569 2558 1751 2619 καύχαις
1784 2559 1910 2603 ἀοιδοὶ
1946 2560 2205 2616 πρὸςφορος.

365 2629 582 2670 Dissenus
613 2627 788 2684 quidem
820 2627 871 2667 de
903 2642 972 2667 vv.
1007 2625 1067 2680 m}
1096 2631 1236 2684 χαμαὶ
1270 2628 1514 2684 integritate
1546 2643 1631 2669 non
1666 2628 1899 2669 dubitavit:
1940 2628 2014 2668 sed
2045 2637 2250 2684 quantum

366 2702 386 2726 a
431 2685 599 2741 poetico
641 2684 768 2724 huius
812 2683 895 2724 loci
937 2681 1079 2723 colore
1121 2683 1283 2724 distent
1328 2685 1605 2740 sagacissime
1652 2685 1760 2725 vidit
1797 2684 2018 2725 Heckerus
2065 2686 2247 2739 (philol.

365 2743 420 2782 T.
445 2743 497 2791 V‚
537 2757 578 2797 p.
598 2741 710 2794 449)
749 2740 947 2796 idemque
985 2754 1154 2780 omnem
1191 2741 1229 2780 si
1266 2741 1371 2797 quid
1405 2741 1530 2782 video
1570 2741 1622 2782 de
1660 2741 1727 2781 his
1766 2740 1907 2781 verbis
1941 2741 2250 2782 dubitationem

367 2797 621 2854 corrigendo
659 2801 891 2852 pandant}
932 2796 1187 2837 felicissime
1224 2797 1420 2838 removit.
1496 2798 1680 2838 Restant
1718 2798 1888 2846 ultima,
1934 2812 2042 2853 quae
2080 2798 2249 2839 codices

366 2855 418 2895 ad
451 2870 583 2894 unum
616 2868 763 2894 omnes
794 2853 856 2893 sic
883 2851 1112 2893 exhibent:
1147 2857 1281 2897 ἐπὲων
1316 2853 1525 2911 καύχας
1557 2853 1681 2897 doado}
1717 2858 1988 2908 πρσςφοροςε
2020 2870 2127 2910 quae
2156 2870 2248 2895 cum

367 2911 470 2951 ferri
509 2926 595 2951 non
641 2909 812 2967 possint
847 2907 1109 2950 Benedictus
1152 2908 1336 2966 καύχαις
1376 2909 1584 2958 coniecit,
1631 2909 1993 2951 Schneidewinus
2034 2910 2254 2967 καυχάσό,

366 2967 584 3023 Rayscrus
638 2972 885 3010 ὕεσπεσιαν
939 2962 979 3008 δ’
1025 2964 1189 3020 cipeto&
1235 2968 1455 3024 uavygolot‘r'
1500 2967 1626 3010 οἱοιὸα
1678 2966 1948 3021 πρόςφοροςε
2011 2965 2255 3022 nuperrime

1782 3040 1839 3080 1ss
